@article{yang2004tolerating,
  title={Tolerating memory latency through push prefetching for pointer-intensive applications},
  author={Yang, Chia-Lin and Lebeck, Alvin R and Tseng, Hung-Wei and Lee, Chien-Hao},
  journal={ACM Transactions on Architecture and Code Optimization (TACO)},
  volume={1},
  number={4},
  pages={445--475},
  year={2004},
  publisher={ACM New York, NY, USA}
}

@url{catch2,
  title={Catch2 CPP Testing Framework},
  author={catchorg, Hořeňovský},
  howpublished = "\url{https://github.com/catchorg/Catch2}",
  year={2022}
}

